@book{reference1,
  title={机器学习},
  author={周志华},
  publisher={清华大学出版社},
  year={2016},
}
@book{reference2,
  title={数学之美.第2版},
  author={吴军},
  publisher={人民邮电出版社},
  year={2014},
}
@book{reference3,
  title={统计学习方法},
  author={李航},
  publisher={清华大学出版社},
  year={2012},
}