@book{ref1,
  title={机器学习},
  author={周志华},
  publisher={清华大学出版社},
  year={2016},
}
@article{ref2,
  title={Playing Atari with Deep Reinforcement Learning},
  author={Mnih, Volodymyr and Kavukcuoglu, Koray and Silver, David and Graves, Alex and Antonoglou, Ioannis and Wierstra, Daan and Riedmiller, Martin},
  journal={Computer Science},
  year={2013},
}
@article{ref3,
  title={Human-level control through deep reinforcement learning.},
  author={Mnih, V and Kavukcuoglu, K and Silver, D and Rusu, A. A. and Veness, J and Bellemare, M. G. and Graves, A and Riedmiller, M and Fidjeland, A. K. and Ostrovski, G},
  journal={Nature},
  volume={518},
  number={7540},
  pages={529},
  year={2015},
}